@book{ericksonIntroducingChristianDoctrine2015,
  title = {Introducing {{Christian}} Doctrine},
  author = {Erickson, Millard J.},
  editor = {Hustad, L. Arnold},
  date = {2015},
  edition = {Third edition},
  publisher = {Baker Academic},
  location = {Grand Rapids, Michigan},
  abstract = {This college-level abridgment of Erickson's classic Christian Theology offers students an accessible textbook on Christian doctrine},
  isbn = {978-1-4412-2256-5},
  langid = {english},
  annotation = {OCLC: 949819996}
}

@unpublished{nimethSession2Biblical,
  title = {Session 2 {{Biblical Perspective}}},
  author = {Nimeth, Cari},
  url = {https://mycourses.ccu.edu/d2l/le/lessons/45891/topics/978630},
  urldate = {2025-06-21},
  eventtitle = {Introduction to {{Systematic Theology}} ({{THE-200A}})},
  file = {C:\Users\LanieMolinarCarmelo\Zotero\storage\55LVCBTJ\978630.html}
}

@book{Tyndale1996,
  title = {Holy Bible, New Living Translation},
  author = {{Tyndale House}},
  date = {1996},
  publisher = {Tyndale House Publishers}
}
